@Misc{tensorflowbench,
    author = {TensorFlow},
    title = {Benchmarks},
    howpublished = {\url{https://www.tensorflow.org/performance/benchmarks}},
    note = {Online; zuletzt abgerufen am 23.\ September 2018}
}

@Misc{zamecnik2017,
    author = {Bohumír Zámečník},
    title = {Towards Efficient Multi-GPU Training in Keras with TensorFlow},
    year = {2017},
    month = oct,
    howpublished = {\url{https://medium.com/rossum/towards-efficient-multi-gpu-training-in-keras-with-tensorflow-8a0091074fb2}},
    note = {Online; zuletzt abgerufen am 23.\ September 2018}
}

@Inproceedings{albe1914,
    author = {Fournier d'Albe, Edmund Edward},
    title = {On a type-reading optophone},
    year = {1914},
    month = jul,
    booktitle = {Proceedings of the Royal Society of London},
    series = {Series A: Containing Papers of a Mathematical and Physical Character},
    volume = 90,
    issue = 619,
    pages = {373-375}
}

@Misc{goldberg1931,
    author = {Emanuel Goldberg},
    title = {Statistical Machine},
    year = {1931},
    howpublished = {United States Patent Office},
    note = {Patentnummer 1838389}
}

@Inproceedings{smith2007,
    author = {Ray Smith},
    title = {An Overview of the Tesseract OCR Engine},
    year = 2007,
    month = sep,
    booktitle = {Proceedings of the Ninth International Conference on Document Analysis and Recognition},
    pages = {629-633},
    volume = 2,
}

@Misc{tesseract40,
    author = {Tesseract-Entwickler},
    title = {4.0 with LSTM},
    year = 2017,
    month = sep,
    howpublished = {\url{https://github.com/tesseract-ocr/tesseract/wiki/4.0-with-LSTM}},
    note = {Online; zuletzt abgerufen am 24.\ September 2018}
}

@Article{jaderberg2016,
    author = {Max Jaderberg and Karen Simonyan and Andrea Vedaldi and Andrew Zisserman},
    title = {Reading Text in the Wild with Convolutional Networks},
    year = 2016,
    month = january,
    journal = {International Journal of Computer Vision},
    volume = 116,
    issue = 1,
    pages = {1-20}
}

@Article{shi2017,
    author = {Baoguang Shi and Xiang Bai and Cong Yao},
    title = {An End-to-End Trainable Neural Network for Image-based Sequence Recognition and Its Application to Scene
             Text Recognition},
    year = 2017,
    month = nov,
    journal = {IEEE Transactions on Pattern Analysis and Machine Intelligence},
    volume = 39,
    issue = 11,
    pages = {2298-2304}
}

